<?xml version="1.0" encoding="UTF-8"?><record xmlns="http://www.loc.gov/MARC21/slim" xmlns:cinclude="http://apache.org/cocoon/include/1.0" xmlns:zs="http://www.loc.gov/zing/srw/">
  <leader>00527cz  a2200145n  4500</leader>
  <controlfield tag="001">n  88290773 </controlfield>
  <controlfield tag="003">DLC</controlfield>
  <controlfield tag="005">19900918055502.0</controlfield>
  <controlfield tag="008">900808n| acannaab|          |a aaa ||| b</controlfield>
  <datafield tag="010" ind1=" " ind2=" ">
    <subfield code="a">n  88290773 </subfield>
  </datafield>
  <datafield tag="040" ind1=" " ind2=" ">
    <subfield code="a">DNLM</subfield>
    <subfield code="c">DLC</subfield>
  </datafield>
  <datafield tag="100" ind1="1" ind2="0">
    <subfield code="a">Campos, A.</subfield>
    <subfield code="q">(Antonio),</subfield>
    <subfield code="d">1951-</subfield>
  </datafield>
  <datafield tag="400" ind1="1" ind2="0">
    <subfield code="a">Campos, Antonio,</subfield>
    <subfield code="d">1951-</subfield>
  </datafield>
  <datafield tag="670" ind1=" " ind2=" ">
    <subfield code="a">Inner Ear Pathobiology Symposium (1989 : Granada, Spain). Inner ear pathobiology, 1990:</subfield>
    <subfield code="b">CIP t.p. (A. Campos; Granada) data sheet (Campos, Antonio)</subfield>
  </datafield>
  <datafield tag="670" ind1=" " ind2=" ">
    <subfield code="a">Phone call to pub., 7-31-90</subfield>
    <subfield code="b">(A. Campos was born 7/8/51)</subfield>
  </datafield>
</record>